 @inbook{gaddis_gnielinski_1993, title={{G8 Shell-Side Heat Transfer in Baffled Shell-and-Tube Heat Exchangers}}, booktitle={{VDI Heat Atlas}}, author={Gaddis, E.S. and Gnielinski, V}, year={1993}, pages={731–741}, isbn={978-3-650-77876-9}, publisher = {Springer}, addres={Heidelberg}}
 
 @inbook{gaddis_1993, title={{L1.5 Pressure Drop in the Outher Shell of Heat Exchangers}}, booktitle={{VDI Heat Atlas}}, author={Gaddis, E.S.}, year={1993}, pages={1092–1105}, isbn={978-3-650-77876-9}, publisher = {Springer}, addres={Heidelberg}}
 
 @inbook{TOWLER20131047,
title = {Chapter 19 - Heat-Transfer Equipment},
booktitle = {{Chemical Engineering Design}},
publisher = {Butterworth-Heinemann},
address = {Boston},
pages = {1047-1205},
year = {2013},
isbn = {978-0-08-096659-5},
author = {Gavin Towler and Ray Sinnott}
}

 @article{faghri_zhang_2006, title={Two-phase flow and heat transfer}, DOI={10.1016/b978-0-12-370610-2.50016-7}, journal={Transport Phenomena in Multiphase Systems}, author={Faghri, Amir and Zhang, Yuwen}, year={2006}, pages={853–949}} 
 
@thesis{vonk_2019, place={Delft}, title={{Working fluid selection for a diesel engine waste heat recovery ORC module}}, school={Delft University of Technology}, author={Vonk, L. M.}, year={2019}, pages={1–85}, note={Master thesis}} 

 @misc{tools_n.d., title={Heat exchanger fouling factors}, url={https://powderprocess.net/Tools_html/Data_Diagrams/Heat_Exchanger_Fouling_Factor.html}, journal={Heat Exchanger Fouling Factors chart : oil, gas, processing fluids}, author={{Process Engineer's Tools}}, year={0AD}} 
 
  @book{haan_eral_schuur_2020, place={Berlin, Germany}, edition={2}, title={Industrial Separation Processes Fundamentals}, publisher={De Gruyter}, author={Haan, Andre and Eral, Burak and Schuur, Boelo}, year={2020}} 
  
  @book{seader_henley_2001, title={Separation process principles}, publisher={Wiley India}, author={Seader, J. D. and Henley, Ernest J.}, year={2001}}
  
  @book{sinnott_coulson_richardson_2005, title={{Coulson \& Richardson's Chemical Engineering}}, volume={2}, publisher={Elsevier Butterworth-Heinemann}, author={Sinnott, R. K. and Coulson, J. M. and Richardson, J. F.}, year={2005}} 